[gd_scene load_steps=28 format=2]

[ext_resource path="res://Aseprite/DiveBG.png" type="Texture" id=1]
[ext_resource path="res://Scenes/PlayerDive.tscn" type="PackedScene" id=2]
[ext_resource path="res://Sound/testm.mp3" type="AudioStream" id=3]
[ext_resource path="res://Scenes/Memories/Memory.gd" type="Script" id=4]
[ext_resource path="res://Aseprite/DiveBGAnim2.png" type="Texture" id=5]
[ext_resource path="res://Aseprite/DiveBGAnim3.png" type="Texture" id=6]
[ext_resource path="res://Aseprite/DiveBGAnim5.png" type="Texture" id=7]
[ext_resource path="res://Aseprite/DiveBGAnim6.png" type="Texture" id=8]
[ext_resource path="res://Aseprite/DiveBGAnim7.png" type="Texture" id=9]
[ext_resource path="res://Aseprite/DiveBGAnim8.png" type="Texture" id=10]
[ext_resource path="res://Aseprite/DiveBGAnim9.png" type="Texture" id=11]
[ext_resource path="res://Aseprite/DiveBGAnim1.png" type="Texture" id=12]
[ext_resource path="res://Aseprite/DiveBGAnim10.png" type="Texture" id=13]
[ext_resource path="res://Aseprite/DiveBGAnim12.png" type="Texture" id=14]
[ext_resource path="res://Aseprite/DiveBGAnim4.png" type="Texture" id=15]
[ext_resource path="res://Aseprite/DiveBGAnim11.png" type="Texture" id=16]
[ext_resource path="res://Kenney Thick.ttf" type="DynamicFontData" id=17]
[ext_resource path="res://Scenes/Memories/Bullet.tscn" type="PackedScene" id=18]

[sub_resource type="Animation" id=1]
resource_name = "PlayerStartsDive"
tracks/0/type = "value"
tracks/0/path = NodePath("PlayerDive:position")
tracks/0/interp = 1
tracks/0/loop_wrap = true
tracks/0/imported = false
tracks/0/enabled = true
tracks/0/keys = {
"times": PoolRealArray( 0, 1 ),
"transitions": PoolRealArray( 0.25, 1 ),
"update": 0,
"values": [ Vector2( 320, -120 ), Vector2( 320, 128 ) ]
}

[sub_resource type="Animation" id=2]
resource_name = "ScrollMemoryText"
length = 10.0
tracks/0/type = "value"
tracks/0/path = NodePath("FloatingMemory:rect_position")
tracks/0/interp = 1
tracks/0/loop_wrap = true
tracks/0/imported = false
tracks/0/enabled = true
tracks/0/keys = {
"times": PoolRealArray( 0, 10 ),
"transitions": PoolRealArray( 1, 1 ),
"update": 0,
"values": [ Vector2( 20, 680 ), Vector2( 20, -320 ) ]
}

[sub_resource type="Animation" id=3]
length = 2.0
tracks/0/type = "value"
tracks/0/path = NodePath("Transition:position")
tracks/0/interp = 1
tracks/0/loop_wrap = true
tracks/0/imported = false
tracks/0/enabled = true
tracks/0/keys = {
"times": PoolRealArray( 0, 1.5 ),
"transitions": PoolRealArray( -3, 1 ),
"update": 0,
"values": [ Vector2( 0, 706 ), Vector2( 0, -150 ) ]
}

[sub_resource type="Animation" id=4]
length = 2.0
tracks/0/type = "value"
tracks/0/path = NodePath("Transition:position")
tracks/0/interp = 1
tracks/0/loop_wrap = true
tracks/0/imported = false
tracks/0/enabled = true
tracks/0/keys = {
"times": PoolRealArray( 0, 1.5 ),
"transitions": PoolRealArray( 3, 1 ),
"update": 0,
"values": [ Vector2( 0, -150 ), Vector2( 0, 706 ) ]
}

[sub_resource type="SpriteFrames" id=5]
animations = [ {
"frames": [ ExtResource( 11 ), ExtResource( 13 ), ExtResource( 16 ), ExtResource( 14 ) ],
"loop": true,
"name": "Loop",
"speed": 3.0
}, {
"frames": [ ExtResource( 12 ), ExtResource( 5 ), ExtResource( 6 ), ExtResource( 15 ), ExtResource( 7 ), ExtResource( 8 ), ExtResource( 9 ), ExtResource( 10 ), ExtResource( 11 ), ExtResource( 13 ), ExtResource( 16 ), ExtResource( 14 ) ],
"loop": false,
"name": "Intro",
"speed": 3.0
} ]

[sub_resource type="DynamicFont" id=6]
font_data = ExtResource( 17 )

[sub_resource type="RectangleShape2D" id=7]
extents = Vector2( 320, 32 )

[sub_resource type="RectangleShape2D" id=8]
extents = Vector2( 32, 320 )

[sub_resource type="DynamicFont" id=9]
size = 64
font_data = ExtResource( 17 )

[node name="Memory" type="Node2D"]
position = Vector2( 32, 32 )
script = ExtResource( 4 )
bullet = ExtResource( 18 )

[node name="MemoryTimer" type="Timer" parent="."]
wait_time = 10.0
one_shot = true

[node name="MPTimer" type="Timer" parent="."]
wait_time = 0.2

[node name="Firing" type="Timer" parent="."]
wait_time = 2.0

[node name="Music" type="AudioStreamPlayer2D" parent="."]
stream = ExtResource( 3 )
autoplay = true
max_distance = 5000.0

[node name="AnimationPlayer" type="AnimationPlayer" parent="."]
anims/PlayerStartsDive = SubResource( 1 )
anims/ScrollMemoryText = SubResource( 2 )
anims/TransitionIntoMemory = SubResource( 3 )
anims/TransitionOutOfMemory = SubResource( 4 )

[node name="Transition" type="Sprite" parent="."]
position = Vector2( 0, 706 )
scale = Vector2( 2, 2 )
texture = ExtResource( 1 )
centered = false

[node name="BGLoop" type="AnimatedSprite" parent="."]
modulate = Color( 0.662745, 0.317647, 0.662745, 0.0745098 )
position = Vector2( -32, -325 )
scale = Vector2( 2, 2 )
frames = SubResource( 5 )
animation = "Loop"
centered = false

[node name="FloatingMemory" type="Label" parent="."]
modulate = Color( 1, 1, 1, 0.392157 )
margin_left = 20.0
margin_top = 680.0
margin_right = 620.0
margin_bottom = 980.0
custom_fonts/font = SubResource( 6 )
text = "Lorem ipsum dolor sit amet, consectetur adipiscing elit. Nunc porta convallis orci, vel venenatis tortor vulputate accumsan. Donec imperdiet odio vel dictum tempus. Duis elementum vitae nisl vel pellentesque. Fusce turpis sapien, congue a porta vel, vulputate et sapien. Ut ac metus eget dui tempor malesuada vitae nec diam. Aenean eu quam maximus, luctus nisl quis, lobortis sem. Curabitur efficitur arcu nec vehicula semper. Vestibulum!"
align = 1
valign = 1
autowrap = true
__meta__ = {
"_edit_use_anchors_": false
}

[node name="PlayerDive" parent="." instance=ExtResource( 2 )]
position = Vector2( 320, -120 )

[node name="Borders" type="StaticBody2D" parent="."]
collision_layer = 8
collision_mask = 8

[node name="Top" type="CollisionShape2D" parent="Borders"]
position = Vector2( 320, 0 )
shape = SubResource( 7 )

[node name="Bottom" type="CollisionShape2D" parent="Borders"]
position = Vector2( 320, 640 )
shape = SubResource( 7 )

[node name="Left" type="CollisionShape2D" parent="Borders"]
position = Vector2( 0, 320 )
shape = SubResource( 8 )

[node name="Right" type="CollisionShape2D" parent="Borders"]
position = Vector2( 640, 320 )
shape = SubResource( 8 )

[node name="BulletSpawners" type="Node2D" parent="."]

[node name="Node2D" type="Node2D" parent="BulletSpawners"]
position = Vector2( -142, 163 )

[node name="Node2D2" type="Node2D" parent="BulletSpawners"]
position = Vector2( -148, 470 )

[node name="Node2D3" type="Node2D" parent="BulletSpawners"]
position = Vector2( -52, 704 )

[node name="Node2D4" type="Node2D" parent="BulletSpawners"]
position = Vector2( 316, 765 )

[node name="Node2D5" type="Node2D" parent="BulletSpawners"]
position = Vector2( 681, 698 )

[node name="Node2D6" type="Node2D" parent="BulletSpawners"]
position = Vector2( 783, 461 )

[node name="Node2D7" type="Node2D" parent="BulletSpawners"]
position = Vector2( 767, 160 )

[node name="Node2D8" type="Node2D" parent="BulletSpawners"]
position = Vector2( 767, 160 )

[node name="BulletHolder" type="Node2D" parent="."]

[node name="SuccessText" type="Label" parent="."]
visible = false
margin_left = 97.0
margin_top = 253.0
margin_right = 545.0
margin_bottom = 400.0
custom_fonts/font = SubResource( 9 )
text = "SYNC
SUCCESS"
align = 1
valign = 1
__meta__ = {
"_edit_use_anchors_": false
}

[connection signal="timeout" from="MemoryTimer" to="." method="_on_MemoryTimer_timeout"]
[connection signal="timeout" from="MPTimer" to="." method="_on_MPTimer_timeout"]
[connection signal="timeout" from="Firing" to="." method="_on_Firing_timeout"]
[connection signal="animation_finished" from="AnimationPlayer" to="." method="_on_AnimationPlayer_animation_finished"]
[connection signal="animation_finished" from="BGLoop" to="." method="_on_BGLoop_animation_finished"]
